@ARTICLE{Carlos:Vocaliza,
	AUTHOR = "Carlos Vaquero and Oscar Saz and Eduardo Lleida and Jos√© Marcos",
	TITLE = "Vocaliza: An Application For Computer-Aided Speech Therapy In Spanish Language",
	JOURNAL = {Jornadas en Tecnologia del Habla},
	MONTH = "November",
	YEAR = {2006}
	}

@ARTICLE{Oster:EU,
	AUTHOR = "AnneMarie {\"O}ster",
	TITLE = "Presentation of a new EU project for speech therapy: OLP (Ortho-Logo-Paedia)",
	JOURNAL = {Proceedings of Fonetik},
	YEAR = {2002}
	}

@BOOK{Brown:Children,
	AUTHOR = "Caroline Brown",
	TITLE = "Children's Speech Sound Disorders",
	PUBLISHER = "Wiley",
	YEAR = "2009"
	}

@BOOK{Dodd:Children,
	AUTHOR = "Barbara Dodd",
	TITLE = "Differential Diagnosis and Treatment of Children with Speech Disorder",
	PUBLISHER = "Wiley",
	YEAR = "2013"
	}

@MISC{Kreider:Intro,
	AUTHOR    = "Richard Kreider",
    HOWPUBLISHED = "Personal interview",
    YEAR     = "2015",
    MONTH    = "January",
	}

@MISC{Kreider:Results,
	AUTHOR    = "Richard Kreider",
	HOWPUBLISHED = "Personal interview",
	YEAR     = "2015",
	MONTH    = "March",
	}

@MISC{Mobile:Apps,
	AUTHOR = "Jessica Solari",
	TITLE = "iPad Apps to Use in Speech-Language Therapy Sessions",
	HOWPUBLISHED = {\url{http://consonantlyspeaking.com/}},
	YEAR     = "2015",
	MONTH    = "March",
	}
